@article{2010paper,
  title={Zsyntax: a formal language for molecular biology with projected applications in text mining and biological prediction},
  author={Boniolo, Giovanni and D'Agostino, Marcello and Di Fiore, Pier Paolo},
  journal={PloS one},
  volume={5},
  number={3},
  pages={e9511},
  year={2010},
  publisher={Public Library of Science}
}