@inproceedings{a-history-of-haskell,
author = {, Paul Hudak and , John Hughes and Peyton Jones, Simon and , Philip Wadler},
title = {A History of Haskell: being lazy with class},
booktitle = {},
year = {2007},
month = {June},
abstract = {This long (55-page) paper describes the history of Haskell, including its genesis and principles, technical contributions, implementations and tools, and applications and impact.

You might also be interested in Simon's POPL'03 talk: A retrospective on Haskell

Watch below a video of the talk, the video starts a minute or so into the talk, but nothing important is missing.

[embed]https://www.youtube.com/watch?v=06x8Wf2r2Mc[/embed]},
publisher = {},
url = {https://www.microsoft.com/en-us/research/publication/a-history-of-haskell-being-lazy-with-class/},
address = {},
pages = {},
journal = {},
volume = {},
chapter = {},
isbn = {},
}