@ARTICLE{andreoli92,
    author = {Jean-marc Andreoli},
    title = {Logic Programming with Focusing Proofs in Linear Logic},
    journal = {Journal of Logic and Computation},
    year = {1992},
    volume = {2},
    pages = {297--347}
}