@inproceedings{chaudhuri-paper,
  author = {Chaudhuri, Kaustuv and Pfenning, Frank},
  date = {2005-09-28},
  editor = {Ong, C.-H. Luke},
  ee = {http://dx.doi.org/10.1007/11538363_15},
  isbn = {3-540-28231-9},
  pages = {200-215},
  publisher = {Springer},
  series = {Lecture Notes in Computer Science},
  title = {Focusing the Inverse Method for Linear Logic.},
  url = {http://dblp.uni-trier.de/db/conf/csl/csl2005.html#ChaudhuriP05},
  volume = 3634,
  year = 2005
}