@PHDTHESIS {,
    author = "Kaustuv Chaudhuri",
    title  = "The Focused Inverse Method for Linear Logic",
    school = "Carnegie Mellon University",
    year   = "2006"
}