@article{default,
 author = {Antoniou, Grigoris},
 title = {A Tutorial on Default Logics},
 journal = {ACM Comput. Surv.},
 issue_date = {Dec. 1999},
 volume = {31},
 number = {4},
 month = dec,
 year = {1999},
 issn = {0360-0300},
 pages = {337--359},
 numpages = {23},
 url = {http://doi.acm.org/10.1145/344588.344602},
 doi = {10.1145/344588.344602},
 acmid = {344602},
 publisher = {ACM},
 address = {New York, NY, USA},
 keywords = {default logic, nonmonotonic reasoning, operational models},
}