@article{dependent-haskell,
  author    = {Richard A. Eisenberg},
  title     = {Dependent Types in Haskell: Theory and Practice},
  journal   = {CoRR},
  volume    = {abs/1610.07978},
  year      = {2016},
  url       = {http://arxiv.org/abs/1610.07978},
  timestamp = {Wed, 02 Nov 2016 09:51:26 +0100},
  biburl    = {http://dblp.uni-trier.de/rec/bib/journals/corr/Eisenberg16},
  bibsource = {dblp computer science bibliography, http://dblp.org}
}
