@article{GIRARD1993201,
title = "On the unity of logic",
journal = "Annals of Pure and Applied Logic",
volume = "59",
number = "3",
pages = "201 - 217",
year = "1993",
note = "",
issn = "0168-0072",
doi = "http://dx.doi.org/10.1016/0168-0072(93)90093-S",
url = "http://www.sciencedirect.com/science/article/pii/016800729390093S",
author = "Jean-Yves Girard",

}