@MISC{inverse,
    author = {Anatoli Degtyarev and Andrei Voronkov and Second Readers Ullrich Hustadt and Gregory Mints and Frank Pfenning and Renate Schmidt},
    title = {The Inverse Method},
    year = {2001}
}