@inproceedings{ll-syntax-semantics,
 author = {Girard, Jean-Yves},
 title = {Linear Logic: Its Syntax and Semantics},
 booktitle = {Proceedings of the Workshop on Advances in Linear Logic},
 year = {1995},
 isbn = {0-521-55961-8},
 pages = {1--42},
 numpages = {42},
 url = {http://dl.acm.org/citation.cfm?id=212876.212880},
 acmid = {212880},
 publisher = {Cambridge University Press},
 address = {New York, NY, USA},
}