@ARTICLE {melanoma,
    author  = "Giovanni Boniolo",
    title   = "Decomposing Biological Complexity into a Conjunction of Theorems. The Case of the Melanoma Network",
    journal = "HUMANA.MENTE",
    year    = "2016"
}