@article{mell-dec,
title = "The decidability of the intensional fragment of classical linear logic ",
journal = "Theoretical Computer Science ",
volume = "597",
number = "",
pages = "1 - 17",
year = "2015",
note = "",
issn = "0304-3975",
doi = "https://doi.org/10.1016/j.tcs.2015.06.019",
url = "http://www.sciencedirect.com/science/article/pii/S0304397515005290",
author = "Katalin Bimbó",
keywords = "Cognate sequent",
keywords = "Curry's lemma",
keywords = "Decidability",
keywords = "König's lemma",
keywords = "Kripke's lemma",
keywords = "Linear logic",
keywords = "Modal logic",
keywords = "Relevance logic",
keywords = "Sequent calculus "
}
