@article{non-mono,
title = "A logic of non-monotonic interactions ",
journal = "Journal of Applied Logic ",
volume = "11",
number = "1",
pages = "52 - 62",
year = "2013",
note = "",
issn = "1570-8683",
doi = "https://doi.org/10.1016/j.jal.2012.09.002",
url = "http://www.sciencedirect.com/science/article/pii/S1570868312000614",
author = "Giovanni Boniolo and Marcello DÊ¼Agostino and Mario Piazza and Gabriele Pulcini",
keywords = "Zsyntax",
keywords = "Substructural logics",
keywords = "Non-associative sequent calculi",
keywords = "Non-monotonicity",
keywords = "Proof-nets",
keywords = "Molecular biology "
}
