@book{otter,
 author = {Kalman, John Arnold},
 title = {Automated Reasoning with Otter},
 year = {2001},
 isbn = {1589490045},
 publisher = {Rinton Press, Incorporated},
 address = {Paramus, NJ},
}