@ARTICLE{richman,
    author = {Fred Richman},
    title = {Intuitionism As Generalization},
    journal = {Philosophia Math},
    year = {1990},
    volume = {5},
    pages = {124--128}
}