@MISC{unif,
    author = {Conor McBride},
    title = {First-Order Unification by Structural Recursion},
    year = {2001}
}